001  0000019
005  20180822161849.582
008  170211s||||     bl|||||||||||||||||por|u
020    $a9788569277026
040    $aPorto Alegre$bpor
080    $2869.0-1$a1997
090    $a869.0-1$bN244t
100 1  $aRatts, Alex (coord.)
245 10 $aTodas (as) distâncias$bpoemas, aforismos e ensaios de Beatriz Nascimento$cAlex Ratts, Bethânia Gomes
260    $aSalvador$bOgum's Toques Negros$c2015
300    $a 156 p.
650    $aPoesia
650    $aArtigo
650    $aAforismo
650    $aEnsaio
700 1_ $aGomes, Bethânia (coord.)
